@misc{gerhart:modigen_approach,
	title = {Approach to Define Highly Scalable Metamodels Based on JSON},
	author= {Markus Gerhart and Prof Doc Marko Boger}
}

@misc{gerhart:modigen_concept,
	title = {MoDiGen-Concept of a Set of Textual DSL to Define Graphical DSLs Based on a Meta-Model},
	author= {Markus Gerhart and Prof Doc Marko Boger},
}

@book{braun:scala,
	title ="Scala Objektfunktionale Programmierung",
	author="Oliver Braun",
	publisher="Carl Hanser Verlag München",
	year = "2011"
}

@book{esser:scala,
	title ="Scala für Umsteiger",
	author="Friedrich Esser",
	publisher="Oldenburg Verlag München",
	year = "2011"
}

@article{jorn:MDA,
	title="MDA Journal",
	author="Jorn Bettin",
	journal="bptrends",
	year = "2004"
}

@misc{xtext:goodbyexml,
	title = "Goodbye XML - Befreiungsakt mit Xtext",
	howpublished = {\url{https://jaxenter.de/goodbye-xml-befreiungsakt-mit-xtext-2-7369}},
	note = "Accessed: 2016-01-22",
	key="goodbyexml"
}

@misc{xmltutorial,
	title = "XML Tutorial",
	howpublished = {\url{http://www.w3schools.com/xml/xml_whatis.asp}},
	note = "Accessed: 2016-02-06"
}
@misc{xmlitree,
	title = "XML Tree",
	howpublished = {\url{http://www.w3schools.com/xml/xml_tree.asp}},
	note = "Accessed: 2016-02-06"
}

@misc{emf,
	title = "Eclipse Modeling Framework",
	howpublished = {\url{https://eclipse.org/modeling/emf/}},
	note = "Accessed: 2016-02-06",
	key = "Eclipse Modeling Framework (EMF)"
}
@book{parsing,
  title={Compiler: Prinzipien, Techniken und Werkzeuge},
  author={Aho, A.V.},
  isbn={9783827370976},
  series={Pearson Studium Informatik},
  url={https://books.google.de/books?id=pTKAwL64NkoC},
  year={2008},
  publisher={Pearson Education Deutschland}
}
@book{trompeter:mda,
  title={Modellgetriebene Softwareentwicklung: MDA und MDSD in der Praxis},
  author={Trompeter, J. and Beltran, J.C.F.},
  isbn={9783939084112},
  url={https://books.google.de/books?id=iobrPQAACAAJ},
  year={2007},
  publisher={Entwickler.Press}
}
@book{xtext:dsl,
  title={Modellgetriebene Softwareentwicklung auf Basis von Xtext mit DSL},
  author={Lange, M. and Schubert, W. and Gringer, I.},
  url={https://books.google.de/books?id=fdCHrgEACAAJ},
  year={2013}
}
@book{mda,
  title={Modellgetriebene Softwareentwicklung: MDA und MDSD in der Praxis},
  author={Trompeter, J. and Beltran, J.C.F.},
  isbn={9783939084112},
  url={https://books.google.de/books?id=iobrPQAACAAJ},
  year={2007},
  publisher={Entwickler.Press}
}
@book{bettini:xtext,
  title={Implementing Domain-Specific Languages with Xtext and Xtend},
  author={Bettini, L.},
  isbn={9781782160311},
  series={**},
  url={https://books.google.de/books?id=ifaBCqGka2IC},
  year={2013},
  publisher={Packt Publishing, Limited}
}
@book{emf,
  title={Eclipse Modeling Framework: A Developer's Guide},
  author={Budinsky, F.},
  isbn={9780131425422},
  lccn={2003052408},
  series={The eclipse series},
  url={https://books.google.de/books?id=ff-9ZYhvPwwC},
  year={2004},
  publisher={Addison-Wesley}
}
@book{jvisualvm,
  title={Java EE Development with Eclipse},
  author={Kulkarni, R.},
  isbn={9781783550470},
  url={https://books.google.de/books?id=xtVOCwAAQBAJ},
  year={2015},
  publisher={Packt Publishing}
}
@book{martin:clean,
  title={Clean Code: A Handbook of Agile Software Craftsmanship},
  author={Martin, R.C.},
  isbn={9780136083252},
  url={https://books.google.de/books?id=\_i6bDeoCQzsC},
  year={2008},
  publisher={Pearson Education}
}
